@online{anleitung,
  url = {http://129.217.224.2/HOMEPAGE/PHYSIKER/BACHELOR/AP/SKRIPT/Magnetfeld.pdf},
  title = {V308: Spulen und Magnetfelder},
  date = {2018-01-14}
}
